<collection xmlns="http://www.loc.gov/MARC21/slim">
   <record>
      <leader>06216nam a2200613 i 4500</leader>
      <controlfield tag="001">6805209</controlfield>
      <controlfield tag="003">DcWaAPA</controlfield>
      <controlfield tag="005">20150121155537.0</controlfield>
      <controlfield tag="006">m     o  d        </controlfield>
      <controlfield tag="007">cr</controlfield>
      <controlfield tag="008">150121s2015    dcu     ob    001 0 eng d</controlfield>
      <datafield ind1=" " ind2=" " tag="020">
         <subfield code="z">9781433818455 (hardcover)</subfield>
      </datafield>
      <datafield ind1=" " ind2=" " tag="020">
         <subfield code="z">1433818450 (hardcover)</subfield>
      </datafield>
      <datafield ind1=" " ind2=" " tag="020">
         <subfield code="a">1433818469 (electronic)</subfield>
      </datafield>
      <datafield ind1=" " ind2=" " tag="020">
         <subfield code="a">9781433818462 (electronic)</subfield>
      </datafield>
      <datafield ind1=" " ind2=" " tag="035">
         <subfield code="a">ocn900576774</subfield>
      </datafield>
      <datafield ind1=" " ind2=" " tag="039">
         <subfield code="a">exclude</subfield>
      </datafield>
      <datafield ind1=" " ind2=" " tag="040">
         <subfield code="a">DcWaAPA</subfield>
         <subfield code="b">eng</subfield>
         <subfield code="e">rda</subfield>
         <subfield code="d">AEU</subfield>
      </datafield>
      <datafield ind1=" " ind2="4" tag="050">
         <subfield code="a">RC473.P56</subfield>
         <subfield code="b">P47 2015</subfield>
      </datafield>
      <datafield ind1="1" ind2="0" tag="060">
         <subfield code="a">WM 190</subfield>
      </datafield>
      <datafield ind1="0" ind2="4" tag="082">
         <subfield code="a">616.85/81075</subfield>
         <subfield code="2">23</subfield>
      </datafield>
      <datafield ind1=" " ind2=" " tag="090">
         <subfield code="a">Internet Access</subfield>
         <subfield code="b">AEU</subfield>
      </datafield>
      <datafield ind1=" " ind2=" " tag="090">
         <subfield code="a">Internet Access</subfield>
         <subfield code="b">AEC</subfield>
      </datafield>
      <datafield ind1=" " ind2=" " tag="090">
         <subfield code="a">Internet Access</subfield>
         <subfield code="b">AEGMCT</subfield>
      </datafield>
      <datafield ind1="0" ind2=" " tag="130">
         <subfield code="a">Personality disorders (Huprich)</subfield>
      </datafield>
      <datafield ind1="1" ind2="0" tag="245">
         <subfield code="a">Personality disorders :</subfield>
         <subfield code="b">toward theoretical and empirical integration in diagnosis and assessment /</subfield>
         <subfield code="c">edited by Steven K. Huprich, Wichita State University.</subfield>
      </datafield>
      <datafield ind1=" " ind2=" " tag="250">
         <subfield code="a">First edition.</subfield>
      </datafield>
      <datafield ind1=" " ind2="1" tag="264">
         <subfield code="a">Washington, D.C. :</subfield>
         <subfield code="b">American Psychological Association,</subfield>
         <subfield code="c">2015.</subfield>
      </datafield>
      <datafield ind1=" " ind2=" " tag="300">
         <subfield code="a">1 online resource (xii, 452 pages)</subfield>
      </datafield>
      <datafield ind1=" " ind2=" " tag="336">
         <subfield code="a">text</subfield>
         <subfield code="b">txt</subfield>
         <subfield code="2">rdacontent</subfield>
         <subfield code="0">http://id.loc.gov/vocabulary/contentTypes/txt</subfield>
      </datafield>
      <datafield ind1=" " ind2=" " tag="337">
         <subfield code="a">computer</subfield>
         <subfield code="b">c</subfield>
         <subfield code="2">rdamedia</subfield>
         <subfield code="0">http://id.loc.gov/vocabulary/mediaTypes/c</subfield>
      </datafield>
      <datafield ind1=" " ind2=" " tag="338">
         <subfield code="a">online resource</subfield>
         <subfield code="b">cr</subfield>
         <subfield code="2">rdacarrier</subfield>
         <subfield code="0">http://id.loc.gov/vocabulary/carriers/cr</subfield>
      </datafield>
      <datafield ind1=" " ind2=" " tag="504">
         <subfield code="a">Includes bibliographical references and index.</subfield>
      </datafield>
      <datafield ind1="0" ind2=" " tag="505">
         <subfield code="a">The value of retaining personality disorder diagnoses -- A critical evaluation of retaining personality categories and types -- The role of traits in describing, assessing, and understanding personality pathology -- A critical evaluation of moving toward a trait system for personality disorder assessment -- At the nexus of science and practice : answering basic clinical questions in personality disorder assessment and diagnosis with quantitative modeling techniques -- Lessons learned from longitudinal studies of personality disorders -- Biological bases of personality disorders -- Object relations theory and personality disorders : internal representations and defense mechanisms -- Integrating clinical and empirical perspectives on personality : the Shedler-Westen Assessment Procedure (SWAP) -- Assessing explicit and implicit processes in personality pathology -- Process focused assessment of personality pathology -- An integrative, psychodynamic framework of personality pathology -- An integrative attachment theory framework of personality disorders -- An integrative interpersonal framework of personality pathology -- An integrating and comprehensive model of personality pathology based on evolutionary theory -- The cognitive-affective processing system model of personality pathology : ready-made for theoretical integration -- The link between personality theory and psychological treatment : a shifting terrain.</subfield>
      </datafield>
      <datafield ind1=" " ind2=" " tag="520">
         <subfield code="a">"What are personality disorders? How should they be conceptualized, and how should they be assessed and diagnosed in clinical practice? For over a century these questions have been at the heart of psychological science. Yet even today, as the recent controversy over proposed changes to the classification of personality disorders in DSM-5 attests, there is hardly consensus on the answers. This groundbreaking text offers a comprehensive and provocative tour of a field that is ripe for integration. Contributors who rank among the world's most prestigious clinical and personality psychologists guide readers through the state of our knowledge of personality disorders, from conceptual and theoretical concerns to the practical problems faced by assessing clinicians. They address the advantages and disadvantages of categorical and dimensional approaches to diagnosing personality pathology used in the standard diagnostic manuals, as well as the "hybrid" model described in Section III of DSM-5. Recent advances in statistical, methodological, and biogenetic research strategies are applied to the study of personality disorders, with a focus on clinical and empirical approaches to assessment and diagnosis. Theorists describe how psychodynamic, attachment, interpersonal, evolutionary, and cognitive processing approaches offer surprisingly similar models of conceptualizing and treating personality disorders"--Publicity materials. (PsycINFO Database Record (c) 2015 APA, all rights reserved).</subfield>
      </datafield>
      <datafield ind1=" " ind2=" " tag="533">
         <subfield code="a">Electronic reproduction.</subfield>
         <subfield code="b">Washington, D.C. :</subfield>
         <subfield code="c">American Psychological Association,</subfield>
         <subfield code="d">2015.</subfield>
         <subfield code="n">Available via World Wide Web.</subfield>
         <subfield code="n">Access limited by licensing agreement.</subfield>
         <subfield code="7">s2015    dcunns</subfield>
      </datafield>
      <datafield ind1=" " ind2=" " tag="596">
         <subfield code="a">21 44 57</subfield>
      </datafield>
      <datafield ind1="1" ind2="2" tag="650">
         <subfield code="a">Personality Disorders</subfield>
         <subfield code="x">diagnosis.</subfield>
         <subfield code="0">http://id.nlm.nih.gov/mesh/D010554Q000175</subfield>
      </datafield>
      <datafield ind1="2" ind2="2" tag="650">
         <subfield code="a">Personality Assessment.</subfield>
         <subfield code="0">http://id.nlm.nih.gov/mesh/D010552</subfield>
      </datafield>
      <datafield ind1=" " ind2="0" tag="650">
         <subfield code="a">Personality disorders</subfield>
         <subfield code="x">Diagnosis.</subfield>
         <subfield code="0">http://id.loc.gov/authorities/subjects/sh85100116</subfield>
      </datafield>
      <datafield ind1=" " ind2="0" tag="650">
         <subfield code="a">Personality assessment.</subfield>
         <subfield code="0">http://id.loc.gov/authorities/subjects/sh85100129</subfield>
      </datafield>
      <datafield ind1="1" ind2=" " tag="700">
         <subfield code="a">Huprich, Steven Ken,</subfield>
         <subfield code="d">1966-</subfield>
         <subfield code="e">editor.</subfield>
         <subfield code="0">http://id.loc.gov/authorities/names/no94035894</subfield>
         <subfield code="0">http://viaf.org/viaf/76599061</subfield>
      </datafield>
      <datafield ind1="2" ind2=" " tag="710">
         <subfield code="a">American Psychological Association,</subfield>
         <subfield code="e">issuing body.</subfield>
         <subfield code="0">http://id.loc.gov/authorities/names/n80126082</subfield>
         <subfield code="0">http://viaf.org/viaf/153428680</subfield>
      </datafield>
      <datafield ind1=" " ind2=" " tag="758">
         <subfield code="0">http://worldcat.org/entity/work/id/10687239</subfield>
      </datafield>
      <datafield ind1="0" ind2=" " tag="787">
         <subfield code="n">OCLC Work Id</subfield>
         <subfield code="o">http://worldcat.org/entity/work/id/10687239</subfield>
      </datafield>
      <datafield ind1="4" ind2="0" tag="856">
         <subfield code="3">University of Alberta Access</subfield>
         <subfield code="u">http://ovidsp.ovid.com/ovidweb.cgi?T=JS&amp;NEWS=N&amp;PAGE=toc&amp;SEARCH=2014-33820.dd&amp;LINKTYPE=asBody&amp;D=psbk</subfield>
      </datafield>
      <datafield ind1="4" ind2="0" tag="856">
         <subfield code="3">MacEwan University Access</subfield>
         <subfield code="u">http://search.ebscohost.com/direct.asp?db=pzh&amp;jid=%22201433820%22&amp;scope=site</subfield>
      </datafield>
      <datafield ind1="4" ind2="0" tag="856">
         <subfield code="3">Concordia University of Edmonton Access</subfield>
         <subfield code="u">http://search.ebscohost.com/login.aspx?direct=true&amp;db=pzh&amp;jid=201433820&amp;site=ehost-live</subfield>
      </datafield>
      <datafield ind1=" " ind2=" " tag="949">
         <subfield code="h">UAIN</subfield>
         <subfield code="z">PSYCBOOKS</subfield>
      </datafield>
      <datafield ind1=" " ind2=" " tag="949">
         <subfield code="h">UAIN</subfield>
         <subfield code="m">CONCORDIA</subfield>
         <subfield code="z">PSYCBKSCON</subfield>
      </datafield>
      <datafield ind1=" " ind2=" " tag="949">
         <subfield code="h">UAIN</subfield>
         <subfield code="m">GR_MAC_INT</subfield>
         <subfield code="z">PSYCBKSGM</subfield>
      </datafield>
      <datafield ind1=" " ind2=" " tag="926">
         <subfield code="a">Internet Access</subfield>
         <subfield code="w">LC</subfield>
         <subfield code="c">1</subfield>
         <subfield code="i">6805209-1001</subfield>
         <subfield code="l">INTERNET</subfield>
         <subfield code="m">UAINTERNET</subfield>
         <subfield code="r">Y</subfield>
         <subfield code="s">Y</subfield>
         <subfield code="t">E-RESOURCE</subfield>
         <subfield code="u">2/17/2015</subfield>
         <subfield code="x">E-BOOK</subfield>
         <subfield code="z">PSYCBOOKS</subfield>
      </datafield>
      <datafield ind1=" " ind2=" " tag="926">
         <subfield code="a">Internet Access</subfield>
         <subfield code="w">LC</subfield>
         <subfield code="c">1</subfield>
         <subfield code="i">6805209-2001</subfield>
         <subfield code="l">INTERNET</subfield>
         <subfield code="m">CONCORDIA</subfield>
         <subfield code="r">Y</subfield>
         <subfield code="s">Y</subfield>
         <subfield code="t">E-RESOURCE</subfield>
         <subfield code="u">2/17/2015</subfield>
         <subfield code="x">E-BOOK</subfield>
         <subfield code="z">PSYCBKSCON</subfield>
      </datafield>
      <datafield ind1=" " ind2=" " tag="926">
         <subfield code="a">Internet Access</subfield>
         <subfield code="w">LC</subfield>
         <subfield code="c">1</subfield>
         <subfield code="i">6805209-3001</subfield>
         <subfield code="l">INTERNET</subfield>
         <subfield code="m">GR_MAC_INT</subfield>
         <subfield code="r">Y</subfield>
         <subfield code="s">Y</subfield>
         <subfield code="t">E-RESOURCE</subfield>
         <subfield code="u">2/17/2015</subfield>
         <subfield code="x">E-BOOK</subfield>
         <subfield code="z">PSYCBKSGM</subfield>
      </datafield>
   </record>
</collection>
